<collection xmlns="http://www.loc.gov/MARC21/slim">
<record>
  <leader>04258nam0a2200625 i 450 </leader>
  <controlfield tag="001">IT\ICCU\CNCE\016105</controlfield>
  <controlfield tag="005">20140221000000.0</controlfield>
  <datafield tag="012" ind1=" " ind2=" ">
    <subfield code="a">a,la eai- a,a, lane (3) 1560 (R)</subfield>
    <subfield code="2">fei</subfield>
    <subfield code="9">1</subfield>
  </datafield>
  <datafield tag="012" ind1=" " ind2=" ">
    <subfield code="a">heui doon daoc pare (3) 1560 (R)</subfield>
    <subfield code="2">fei</subfield>
    <subfield code="9">2</subfield>
  </datafield>
  <datafield tag="012" ind1=" " ind2=" ">
    <subfield code="a">iaha n-li enhe mopa (3) 1560 (R)</subfield>
    <subfield code="2">fei</subfield>
    <subfield code="9">3</subfield>
  </datafield>
  <datafield tag="100" ind1=" " ind2=" ">
    <subfield code="a">19970101d1560        0itac0103    ba</subfield>
  </datafield>
  <datafield tag="101" ind1=" " ind2=" ">
    <subfield code="a">ITA</subfield>
  </datafield>
  <datafield tag="102" ind1=" " ind2=" ">
    <subfield code="a">IT</subfield>
  </datafield>
  <datafield tag="200" ind1="1" ind2=" ">
    <subfield code="a">℗La ℗pratica vniuersale in cirugia. Di m. Giouanni di Vico. Di nuouo riformata, &amp; dal latino ridotta alla sua vera lettura. Con le figure in disegno de semplici nel VII libro. Aggiuntiui due trattati di m. Gio. Andrea dalla Croce, l&apos;vno  in materia delle ferite, l&apos;altro del cauar l&apos;armi &amp; le saette fuori della carne. Con alcuni istromenti in disegno posti nel fine dell&apos;opera</subfield>
  </datafield>
  <datafield tag="210" ind1=" " ind2=" ">
    <subfield code="a">In Venetia</subfield>
    <subfield code="c">appresso Fr. Sansouino et compagni</subfield>
    <subfield code="d">1560</subfield>
    <subfield code="e">Venetia</subfield>
    <subfield code="g">appresso Francesco Sansouino et compagni</subfield>
    <subfield code="h">1560</subfield>
  </datafield>
  <datafield tag="215" ind1=" " ind2=" ">
    <subfield code="a">3 pt.</subfield>
    <subfield code="c">ill.</subfield>
    <subfield code="d">4ʻ</subfield>
  </datafield>
  <datafield tag="300" ind1=" " ind2=" ">
    <subfield code="a">2: Compendio di cirugia ... composto per m. Mariano Santo.3: Due trattati nuoui dell&apos;eccellente m. Giouanni Andrea dalla Croce</subfield>
  </datafield>
  <datafield tag="423" ind1=" " ind2="0">
    <subfield code="1">001IT\ICCU\CNCE\051427</subfield>
    <subfield code="1">2001 </subfield>
    <subfield code="a">Due trattati nuoui dell1eccellente m. Giouanni Andrea dalla Croce.</subfield>
  </datafield>
  <datafield tag="423" ind1=" " ind2="0">
    <subfield code="1">001IT\ICCU\CNCE\052556</subfield>
    <subfield code="1">2001 </subfield>
    <subfield code="a">Compendio di cirugia ... composto per m. Mariano Santo</subfield>
  </datafield>
  <datafield tag="620" ind1=" " ind2=" ">
    <subfield code="a">IT</subfield>
    <subfield code="d">Venezia</subfield>
  </datafield>
  <datafield tag="700" ind1=" " ind2="1">
    <subfield code="a">Da_Vigo,</subfield>
    <subfield code="b">Giovanni</subfield>
    <subfield code="3">IT\ICCU\CNCA\004632</subfield>
  </datafield>
  <datafield tag="702" ind1=" " ind2="1">
    <subfield code="a">Santo,</subfield>
    <subfield code="b">Mariano</subfield>
    <subfield code="3">IT\ICCU\CNCA\004347</subfield>
  </datafield>
  <datafield tag="702" ind1=" " ind2="1">
    <subfield code="a">Della_Croce,</subfield>
    <subfield code="b">Giovanni Andrea</subfield>
    <subfield code="3">IT\ICCU\CNCA\004349</subfield>
  </datafield>
  <datafield tag="712" ind1="0" ind2="0">
    <subfield code="a">Sansovino, Francesco &amp; C.</subfield>
    <subfield code="3">IT\ICCU\CNCT\002929</subfield>
    <subfield code="4">650</subfield>
  </datafield>
  <datafield tag="790" ind1=" " ind2="1">
    <subfield code="a">Di_Vico,</subfield>
    <subfield code="b">Giovanni</subfield>
    <subfield code="3">IT\ICCU\CNCA\010144</subfield>
    <subfield code="z">Da_Vigo, Giovanni</subfield>
  </datafield>
  <datafield tag="790" ind1=" " ind2="1">
    <subfield code="a">Vigo,</subfield>
    <subfield code="b">Giovanni : de</subfield>
    <subfield code="3">IT\ICCU\CNCA\015042</subfield>
    <subfield code="z">Da_Vigo, Giovanni</subfield>
  </datafield>
  <datafield tag="790" ind1=" " ind2="1">
    <subfield code="a">De_Vigo,</subfield>
    <subfield code="b">Giannettino</subfield>
    <subfield code="3">IT\ICCU\CNCA\015280</subfield>
    <subfield code="z">Da_Vigo, Giovanni</subfield>
  </datafield>
  <datafield tag="790" ind1=" " ind2="1">
    <subfield code="a">Sanctus,</subfield>
    <subfield code="b">Marianus</subfield>
    <subfield code="3">IT\ICCU\CNCA\023421</subfield>
    <subfield code="z">Santo, Mariano</subfield>
  </datafield>
  <datafield tag="790" ind1=" " ind2="1">
    <subfield code="a">Croce,</subfield>
    <subfield code="b">Giovanni Andrea della</subfield>
    <subfield code="3">IT\ICCU\CNCA\013612</subfield>
    <subfield code="z">Della_Croce, Giovanni Andrea</subfield>
  </datafield>
  <datafield tag="790" ind1=" " ind2="1">
    <subfield code="a">Cruce,</subfield>
    <subfield code="b">Ioannes Andreas a</subfield>
    <subfield code="3">IT\ICCU\CNCA\013613</subfield>
    <subfield code="z">Della_Croce, Giovanni Andrea</subfield>
  </datafield>
  <datafield tag="790" ind1=" " ind2="1">
    <subfield code="a">Dalla_Croce,</subfield>
    <subfield code="b">Giovanni Andrea</subfield>
    <subfield code="3">IT\ICCU\CNCA\013617</subfield>
    <subfield code="z">Della_Croce, Giovanni Andrea</subfield>
  </datafield>
  <datafield tag="801" ind1=" " ind2="3">
    <subfield code="a">IT</subfield>
    <subfield code="b">ICCU</subfield>
    <subfield code="c">20201114</subfield>
  </datafield>
  <datafield tag="899" ind1=" " ind2=" ">
    <subfield code="a">Biblioteca comunale Luciano Benincasa. Ancona</subfield>
    <subfield code="1">AN0001</subfield>
    <subfield code="2">URB BA</subfield>
  </datafield>
  <datafield tag="899" ind1=" " ind2=" ">
    <subfield code="a">Biblioteca comunale Giulio Gabrielli. Ascoli Piceno</subfield>
    <subfield code="1">AP0006</subfield>
    <subfield code="2">UMC AP</subfield>
  </datafield>
  <datafield tag="899" ind1=" " ind2=" ">
    <subfield code="a">Biblioteca civica Romolo Spezioli. Fermo</subfield>
    <subfield code="z">MUTILO</subfield>
    <subfield code="1">AP0012</subfield>
    <subfield code="2">UMC FM</subfield>
  </datafield>
  <datafield tag="899" ind1=" " ind2=" ">
    <subfield code="a">Biblioteca universitaria. Bologna</subfield>
    <subfield code="z">MUTILO</subfield>
    <subfield code="1">BO0098</subfield>
    <subfield code="2">UBO BU</subfield>
  </datafield>
  <datafield tag="899" ind1=" " ind2=" ">
    <subfield code="a">Biblioteca comunale. Como</subfield>
    <subfield code="1">CO0059</subfield>
    <subfield code="2">ZCO 01</subfield>
  </datafield>
  <datafield tag="899" ind1=" " ind2=" ">
    <subfield code="a">Biblioteca Apostolica Vaticana. Citt ̉del Vaticano</subfield>
    <subfield code="z">MUTILO</subfield>
    <subfield code="1">EX0001</subfield>
    <subfield code="2">ZCV 01</subfield>
  </datafield>
  <datafield tag="899" ind1=" " ind2=" ">
    <subfield code="a">Biblioteca del Seminario arcivescovile. Ferrara</subfield>
    <subfield code="1">FE0009</subfield>
    <subfield code="2">PBE L8</subfield>
  </datafield>
  <datafield tag="899" ind1=" " ind2=" ">
    <subfield code="a">Biblioteca civica Berio. Genova</subfield>
    <subfield code="z">MUTILO</subfield>
    <subfield code="1">GE0036</subfield>
    <subfield code="2">SGE BE</subfield>
  </datafield>
  <datafield tag="899" ind1=" " ind2=" ">
    <subfield code="a">Biblioteca comunale Francesco Antolisei. San Severino Marche</subfield>
    <subfield code="1">MC0075</subfield>
    <subfield code="2">UMC FA</subfield>
  </datafield>
  <datafield tag="899" ind1=" " ind2=" ">
    <subfield code="a">Biblioteca del Centro APICE - Archivi della parola, dell&apos;immagine e della comunicazione editoriale dell&apos;Universit ̉degli studi di Milano. Milano</subfield>
    <subfield code="1">MI1289</subfield>
    <subfield code="2">USM S6</subfield>
  </datafield>
  <datafield tag="899" ind1=" " ind2=" ">
    <subfield code="a">Biblioteca Estense Universitaria. Modena</subfield>
    <subfield code="1">MO0089</subfield>
    <subfield code="2">MOD BE</subfield>
  </datafield>
  <datafield tag="899" ind1=" " ind2=" ">
    <subfield code="a">Biblioteca del Seminario vescovile. Pontremoli</subfield>
    <subfield code="z">MUTILO</subfield>
    <subfield code="1">MS0019</subfield>
    <subfield code="2">RT1 PP</subfield>
  </datafield>
  <datafield tag="899" ind1=" " ind2=" ">
    <subfield code="a">Biblioteche del Polo di medicina legale, anatomia patologica e storia della medicina dell&apos;Universit ̉degli Studi di Padova. Padova</subfield>
    <subfield code="z">MUTILO</subfield>
    <subfield code="1">PD0403</subfield>
    <subfield code="2">PUV 43</subfield>
  </datafield>
  <datafield tag="899" ind1=" " ind2=" ">
    <subfield code="a">Biblioteca comunale Carlo Venturini. Massa Lombarda</subfield>
    <subfield code="1">RA0026</subfield>
    <subfield code="2">RAV ML</subfield>
  </datafield>
  <datafield tag="899" ind1=" " ind2=" ">
    <subfield code="a">Biblioteca dell&apos;Accademia dei Fisiocritici. Siena</subfield>
    <subfield code="1">SI0054</subfield>
    <subfield code="2">RT1 PF</subfield>
  </datafield>
  <datafield tag="899" ind1=" " ind2=" ">
    <subfield code="a">Biblioteca civica Pio Rajna. Sondrio</subfield>
    <subfield code="z">MUTILO</subfield>
    <subfield code="1">SO0040</subfield>
    <subfield code="2">ZSO 01</subfield>
  </datafield>
  <datafield tag="899" ind1=" " ind2=" ">
    <subfield code="a">Biblioteca Alagoniana. Siracusa</subfield>
    <subfield code="1">SR0052</subfield>
    <subfield code="2">SBS AL</subfield>
  </datafield>
  <datafield tag="899" ind1=" " ind2=" ">
    <subfield code="a">Biblioteca provinciale Frati minori cappuccini. Torino</subfield>
    <subfield code="1">TO0264</subfield>
    <subfield code="2">TO0 84</subfield>
  </datafield>
  <datafield tag="899" ind1=" " ind2=" ">
    <subfield code="a">Biblioteca nazionale Marciana. Venezia</subfield>
    <subfield code="z">MUTILO</subfield>
    <subfield code="1">VE0049</subfield>
    <subfield code="2">VEA BM</subfield>
  </datafield>
  <datafield tag="911" ind1=" " ind2=" ">
    <subfield code="a">Sul front.</subfield>
    <subfield code="9">IT\ICCU\CNCM\000153</subfield>
  </datafield>
  <datafield tag="911" ind1=" " ind2=" ">
    <subfield code="a">In fine alla pt.2.</subfield>
    <subfield code="9">IT\ICCU\CNCM\001259</subfield>
  </datafield>
  <datafield tag="921" ind1=" " ind2=" ">
    <subfield code="a">IT\ICCU\CNCM\000153</subfield>
    <subfield code="b">Luna crescente con le punte in alto. In cornice figurata</subfield>
    <subfield code="c">Z392</subfield>
    <subfield code="d">Dimensioni: 5,7 x 8,3</subfield>
    <subfield code="f">LUNA</subfield>
    <subfield code="g">1555-1575</subfield>
  </datafield>
  <datafield tag="921" ind1=" " ind2=" ">
    <subfield code="a">IT\ICCU\CNCM\001259</subfield>
    <subfield code="b">Luna crescente con le punte in alto. In cornice figurata</subfield>
    <subfield code="e">In dies</subfield>
    <subfield code="c">U249</subfield>
    <subfield code="d">Dimensioni: 8,5 x 10,5</subfield>
    <subfield code="f">LUNA</subfield>
    <subfield code="f">CRESCENTE</subfield>
    <subfield code="g">1560-1576</subfield>
  </datafield>
</record>
</collection>
